<collection xmlns="http://www.loc.gov/MARC21/slim">
<record>
  <leader>01129nam0a22002291i 450 </leader>
  <controlfield tag="001">IT\ICCU\CNCE\067812</controlfield>
  <controlfield tag="005">20101207000000.0</controlfield>
  <datafield tag="012" ind1=" " ind2=" ">
    <subfield code="a">ems, inet u-u- fida (7) 1555 (R)</subfield>
    <subfield code="2">fei</subfield>
  </datafield>
  <datafield tag="100" ind1=" " ind2=" ">
    <subfield code="a">20060907d1555        0itac0103    ba</subfield>
  </datafield>
  <datafield tag="101" ind1=" " ind2=" ">
    <subfield code="a">LAT</subfield>
  </datafield>
  <datafield tag="102" ind1=" " ind2=" ">
    <subfield code="a">IT</subfield>
  </datafield>
  <datafield tag="200" ind1="1" ind2=" ">
    <subfield code="a">Opusculum tertium de iustificatione singulare aduersus heresiarchas &amp; quoscunque ecclesiae hostes, cum decisionibus apostoli Pauli, Ioanne Maria Verrato Ferrariense  carmelita autore ...</subfield>
  </datafield>
  <datafield tag="210" ind1=" " ind2=" ">
    <subfield code="a">Venetiis</subfield>
    <subfield code="c">\al segno del Nettuno!</subfield>
    <subfield code="d">1555</subfield>
  </datafield>
  <datafield tag="215" ind1=" " ind2=" ">
    <subfield code="a">40 c.</subfield>
    <subfield code="d">8ʻ</subfield>
  </datafield>
  <datafield tag="620" ind1=" " ind2=" ">
    <subfield code="a">IT</subfield>
    <subfield code="d">Venezia</subfield>
  </datafield>
  <datafield tag="700" ind1=" " ind2="1">
    <subfield code="a">Verrati,</subfield>
    <subfield code="b">Giovanni Maria</subfield>
    <subfield code="3">IT\ICCU\CNCA\006601</subfield>
  </datafield>
  <datafield tag="712" ind1="0" ind2="2">
    <subfield code="a">℗Al segno del ℗Nettuno</subfield>
    <subfield code="3">IT\ICCU\CNCT\001254</subfield>
    <subfield code="4">650</subfield>
  </datafield>
  <datafield tag="790" ind1=" " ind2="1">
    <subfield code="a">Verratus,</subfield>
    <subfield code="b">Ioannes Maria</subfield>
    <subfield code="3">IT\ICCU\CNCA\015020</subfield>
    <subfield code="z">Verrati, Giovanni Maria</subfield>
  </datafield>
  <datafield tag="790" ind1=" " ind2="1">
    <subfield code="a">Verrati,</subfield>
    <subfield code="b">Giammaria</subfield>
    <subfield code="3">IT\ICCU\CNCA\015021</subfield>
    <subfield code="z">Verrati, Giovanni Maria</subfield>
  </datafield>
  <datafield tag="801" ind1=" " ind2="3">
    <subfield code="a">IT</subfield>
    <subfield code="b">ICCU</subfield>
    <subfield code="c">20201115</subfield>
  </datafield>
  <datafield tag="899" ind1=" " ind2=" ">
    <subfield code="a">Biblioteca comunale. Sarnano</subfield>
    <subfield code="1">MC0079</subfield>
    <subfield code="2">UMC BS</subfield>
  </datafield>
  <datafield tag="921" ind1=" " ind2=" ">
    <subfield code="a">IT\ICCU\CNCM\000414</subfield>
    <subfield code="b">Nettuno che colpisce col tridente un serpente marino con testa di cavallo.</subfield>
    <subfield code="c">Z892</subfield>
    <subfield code="d">Dimensioni: 3,5 x 4,3</subfield>
    <subfield code="f">SERPENTE</subfield>
    <subfield code="f">CAVALLO</subfield>
    <subfield code="f">NETTUNO</subfield>
    <subfield code="f">TRIDENTE</subfield>
    <subfield code="g">1546-1561</subfield>
  </datafield>
</record>
</collection>
